@article{hethcote2000mathematics,
  title={The mathematics of infectious diseases},
  author={Hethcote, Herbert W},
  journal={SIAM review},
  volume={42},
  number={4},
  pages={599--653},
  year={2000},
  publisher={SIAM}
}

@article{endre2003introduction,
  title={An introduction to numerical analysis},
  author={Endre, S{\"u}li and Mayers, David},
  journal={Cambridge, UK},
  year={2003}
}